@misc{gmitqaf,
  author = "GMIT",
  title = "Quality Assurance Framework",
  howpublished = "\\ \url{https://www.gmit.ie/general/quality-assurance-framework}"
}

@misc{cstandard,
  author = " International Organization for Standardization",
  title = "ISO/IEC 9899 - Programming languages - C",
  howpublished = "\\ \url{http://www.open-std.org/jtc1/sc22/wg14/}"
}

@misc{sha,
  author = "Quynh H. Dang",
  title = "Secure Hash Standard",
  howpublished = "\\ \url{https://www.nist.gov/publications/secure-hash-standard}"
}

@misc{git,
  author = "Software Freedom Conservancy",
  title = "Git",
  howpublished = "\\ \url{https://git-scm.com/}"
}

@misc{github,
  author = "GitHub, Inc.",
  title = "GitHub",
  howpublished = "\\ \url{https://github.com/}"
}

@misc{md5,
  author = "Ron Rivest",
  title = "Request for Comments: 1321, The MD5 Message-Digest Algorithm",
  howpublished = "\\ \url{https://tools.ietf.org/html/rfc1321}"
}